@inproceedings{mri-Reconstruction-GAN,
  title={A brief review on: MRI images reconstruction using GAN},
  author          = {"Priyanka Shende", "Mahesh Pawar", "Sandeep Kakde"},
  booktitle={2019 International Conference on Communication and Signal Processing (ICCSP)},
  pages={0139--0142},
  year={2019},
  organization={IEEE}
}

@inproceedings{oulbacha2020mri,
  title={MRI to CT Synthesis of the Lumbar Spine from a Pseudo-3D Cycle GAN},
  author={Oulbacha, Reda and Kadoury, Samuel},
  booktitle={2020 IEEE 17th international symposium on biomedical imaging (ISBI)},
  pages={1784--1787},
  year={2020},
  organization={IEEE}
}

@inproceedings{ferizi2013ranking,
  title={Ranking diffusion-MRI models with in-vivo human brain data},
  author={Ferizi, Uran and Schneider, Torben and Panagiotaki, Eleftheria and Nedjati-Gilani, Gemma and Zhang, Hui and Wheeler-Kingshott, Claudia AM and Alexander, Daniel C},
  booktitle={2013 IEEE 10th International Symposium on Biomedical Imaging},
  pages={676--679},
  year={2013},
  organization={IEEE}
}

@inproceedings{mani2020model,
  title={Model-based deep learning for reconstruction of joint kq under-sampled high resolution diffusion MRI},
  author={Mani, Merry P and Aggarwal, Hemant K and Ghosh, Sanjay and Jacob, Mathews},
  booktitle={2020 IEEE 17th International Symposium on Biomedical Imaging (ISBI)},
  pages={913--916},
  year={2020},
  organization={IEEE}
}
@inproceedings{rombach2022high,
  title={High-resolution image synthesis with latent diffusion models},
  author={Rombach, Robin and Blattmann, Andreas and Lorenz, Dominik and Esser, Patrick and Ommer, Bj{\"o}rn},
  booktitle={Proceedings of the IEEE/CVF conference on computer vision and pattern recognition},
  pages={10684--10695},
  year={2022}
}

@article{dhariwal2021diffusion,
  title={Diffusion models beat gans on image synthesis},
  author={Dhariwal, Prafulla and Nichol, Alexander},
  journal={Advances in neural information processing systems},
  volume={34},
  pages={8780--8794},
  year={2021}
}

@inproceedings{nichol2021improved,
  title={Improved denoising diffusion probabilistic models},
  author={Nichol, Alexander Quinn and Dhariwal, Prafulla},
  booktitle={International Conference on Machine Learning},
  pages={8162--8171},
  year={2021},
  organization={PMLR}
}

@article{ho2020denoising,
  title={Denoising diffusion probabilistic models},
  author={Ho, Jonathan and Jain, Ajay and Abbeel, Pieter},
  journal={Advances in neural information processing systems},
  volume={33},
  pages={6840--6851},
  year={2020}
}

@article{ahishakiye2021survey,
  title={A survey on deep learning in medical image reconstruction},
  author={Ahishakiye, Emmanuel and Bastiaan Van Gijzen, Martin and Tumwiine, Julius and Wario, Ruth and Obungoloch, Johnes},
  journal={Intelligent Medicine},
  volume={1},
  number={03},
  pages={118--127},
  year={2021},
  publisher={Chinese Medical Association Publishing House Co., Ltd 69 Dongheyan Street~â€¦}
}

@article{kawooya2012assessing,
  title={Assessing the performance of medical personnel involved in the diagnostic imaging processes in Mulago Hospital, Kampala, Uganda},
  author={Kawooya, Michael G and Pariyo, George and Malwadde, Elsie Kiguli and Byanyima, Rosemary and Kisembo, Harrient},
  journal={Journal of Clinical Imaging Science},
  volume={2},
  year={2012},
  publisher={Scientific Scholar}
}

@article{bejnordi2017context,
  title={Context-aware stacked convolutional neural networks for classification of breast carcinomas in whole-slide histopathology images},
  author={Bejnordi, Babak Ehteshami and Zuidhof, Guido and Balkenhol, Maschenka and Hermsen, Meyke and Bult, Peter and van Ginneken, Bram and Karssemeijer, Nico and Litjens, Geert and van der Laak, Jeroen},
  journal={Journal of Medical Imaging},
  volume={4},
  number={4},
  pages={044504--044504},
  year={2017},
  publisher={Society of Photo-Optical Instrumentation Engineers}
}

@article{ali2021enhanced,
  title={An enhanced technique of skin cancer classification using deep convolutional neural network with transfer learning models},
  author={Ali, Md Shahin and Miah, Md Sipon and Haque, Jahurul and Rahman, Md Mahbubur and Islam, Md Khairul},
  journal={Machine Learning with Applications},
  volume={5},
  pages={100036},
  year={2021},
  publisher={Elsevier}
}

@article{sanford2020data,
  title={Data augmentation and transfer learning to improve generalizability of an automated prostate segmentation model},
  author={Sanford, Thomas H and Zhang, Ling and Harmon, Stephanie A and Sackett, Jonathan and Yang, Dong and Roth, Holger and Xu, Ziyue and Kesani, Deepak and Mehralivand, Sherif and Baroni, Ronaldo H and others},
  journal={AJR. American journal of roentgenology},
  volume={215},
  number={6},
  pages={1403},
  year={2020},
  publisher={NIH Public Access}
}
